<record><leader>00000cas a22000007a 4500</leader><controlfield tag="001">21554909</controlfield><controlfield tag="008">900518d19591966mduwr ne      0    0eng d</controlfield><datafield ind1=" " ind2=" " tag="010"><subfield code="a">sn 90057147 </subfield></datafield><datafield ind1=" " ind2=" " tag="040"><subfield code="a">MFN</subfield><subfield code="b">eng</subfield><subfield code="c">MFN</subfield><subfield code="d">OCLCQ</subfield></datafield><datafield ind1=" " ind2=" " tag="042"><subfield code="a">msc</subfield></datafield><datafield ind1="0" ind2="4" tag="245"><subfield code="a">The Charles County leaf.</subfield></datafield><datafield ind1=" " ind2=" " tag="260"><subfield code="a">La Plata, Md. :</subfield><subfield code="b">Southern Maryland Pub. Co.</subfield></datafield><datafield ind1=" " ind2=" " tag="300"><subfield code="a">v.</subfield></datafield><datafield ind1=" " ind2=" " tag="310"><subfield code="a">Weekly</subfield></datafield><datafield ind1="1" ind2=" " tag="362"><subfield code="a">Began in Oct. 1959; ceased in Mar. 1966.</subfield></datafield><datafield ind1=" " ind2=" " tag="588"><subfield code="a">Description based on: Vol. 8, no. 42 (Oct. 29, 1959).</subfield></datafield><datafield ind1=" " ind2=" " tag="752"><subfield code="a">United States</subfield><subfield code="b">Maryland</subfield><subfield code="c">Charles</subfield><subfield code="d">La Plata.</subfield></datafield><datafield ind1="0" ind2="0" tag="780"><subfield code="t">Charles County's Waldorf leaf</subfield><subfield code="w">(DLC)sn 90057146</subfield></datafield><datafield ind1="0" ind2="7" tag="785"><subfield code="t">Times crescent (La Plata, Md. : 1898)</subfield><subfield code="w">(DLC)sn 85000004</subfield></datafield><datafield ind1="0" ind2="7" tag="785"><subfield code="t">Times-crescent the Charles County leaf</subfield><subfield code="w">(DLC)sn 90057148</subfield></datafield></record>